@misc{Pointers66:online,
author = {},
title = {{Pointers - C++ Tutorials}},
howpublished = {\url{http://www.cplusplus.com/doc/tutorial/pointers/}},
month = {},
year = {},
note = {(Accessed on 10/11/2016)}
}

@misc{UnifiedM37:online,
	author = {},
	title = {Unified Memory in CUDA 6 | Parallel Forall},
	howpublished = {\url{https://devblogs.nvidia.com/parallelforall/unified-memory-in-cuda-6/}},
	month = {},
	year = {},
	note = {(Accessed on 10/13/2016)}
}

@misc{Programm98:online,
	author = {},
	title = {Programming Guide :: CUDA Toolkit Documentation},
	howpublished = {\url{https://docs.nvidia.com/cuda/cuda-c-programming-guide/}},
	month = {},
	year = {},
	note = {(Accessed on 10/13/2016)}
}