@book{nr,
  Author = {William H. Press},
  Title = {Numerical Recipes},
  Publisher = {Cambridge University Press},
  Year = {2007},
  ISBN = {0521880688}
}

@book{Trefethen,
	Author = {Lloyd N. Trefethen},
	Title = {Spectral Methods in MATLAB (Software, Environments, Tools)},
	Publisher = {SIAM: Society for Industrial and Applied Mathematics},
	Year = {2001},
	ISBN = {0898714656},
}
